@MISC{sou:PmGm,
  title = {The Bode Diagram},
  author = {{The University of Edinburgh}},
  note = {Downloaded September 30, 2015},
  howpublished = {\url{http://www.see.ed.ac.uk/~jwp/control06/controlcourse/restricted/course/advanced/module7-2.html}},
  year = {2007},
}

@MISC{sou:CTA,
  title = {Consumer Technology Association},
  author = {{Laura Hubbard}},
  note = {Downloaded February 15, 2016},
  howpublished = {\url{https://www.cta.tech/News/News-Releases/Press-Releases/2014/Consumer-Electronics-Industry-Revenues-to-Reach-Al.aspx}},
  year = {2014},
}

@MISC{sou:VoiceFundamentals,
  title = {Voice Fundamentals - Human Speech Frequency},
  author = {{Behzad Munir}},
  note = {Downloaded February 18, 2016},
  howpublished = {\url{http://www.uoverip.com/voice-fundamentals-human-speech-frequency/}},
  year = {2012},
}

@book{ISO226,
    author    = "International Organization for Standardization",
    title     = "ISO226:2003 - Normal equal-loudness-level contours",
    publisher = "ISO",
    edition  = "2nd",
    year      = "2003",
}


@book{WileyDSP,
    author    = {Sen M. Kuo, Bob H. Lee, Wenshun Tian},
    title     = {Real-Time Digital Signal Processing: Fundamentals, implementations and applications},
    publisher = {Wiley},
    edition  = {3rd},
    year      = {2013},
}

@book{Oppenheim,
	author    = {Alan V. Oppenheim \& Ronald W. Schafer},
	title     = {Discrete-Time Signal Processing},
	publisher = {Pearson},
	edition  = {3rd},
	year      = {2010},
}

@MISC{DaliSpec,
  title = {DALI ZENSOR 1 AX},
  author = {{DALI}},
  note = {Downloaded February 19, 2016},
  howpublished = {\url{http://www.dali-speakers.com/loudspeakers/zensor/zensor-1-ax/}},
  year = {2016},
}

@MISC{sou:NoteA,
  title = {Physics Department, Michigan Technological University - (Frequencies for equal-tempered scale, A4 = 440 Hz)},
  author = {B. H. Suits},
  note = {Downloaded February 19, 2016},
  howpublished = {\url{http://www.phy.mtu.edu/~suits/notefreqs.html}},
  year = {1998},
}


@MISC{sou:LoudspeakerRange,
  title = {Understanding How Speaker Drivers Work)},
  author = {Danny Briere, Pat Hurley},
  note = {Downloaded May 22, 2016},
  howpublished = {\url{http://www.dummies.com/how-to/content/understanding-how-speaker-drivers-work.html}},
  year = {2016},
}

@MISC{sou:crossSection,
  title = {Cross section of woofer.)},
  author = {Internet Amazon},
  note = {Downloaded May 22, 2016},
  howpublished = {\url{http://www.speakers.net/dloudspeakers.asp}},
  year = {2016},
}

@MISC{sou:daliZensor5,
  title = {DALI Zensor 5 AX.)},
  author = {DALI},
  note = {Downloaded May 23, 2016},
  howpublished = {\url{http://www.dali-speakers.com/loudspeakers/zensor/zensor-5-ax/}},
  year = {2016},
}

@MISC{sou:tvDelay,
  title = {Lip-sync error: Causes, solutions},
  author = {Geoffrey Morrison},
  note = {Downloaded May 23, 2016},
  howpublished = {\url{http://www.cnet.com/news/lip-sync-error-causes-solutions/}},
  year = {2016},
}


@MISC{sou:liveAudio,
  title = {Living With Latency},
  author = {Sam Inglis},
  note = {Downloaded May 23, 2016},
  howpublished = {\url{https://www.soundonsound.com/sos/jun07/articles/latency_0607.htm}},
  year = {2016},
}

@book{dynamicGainPic,
	author    = {Udo ZÃ¶lzer},
	title     = {Digital Audio Signal Processing},
	publisher = {A John Wiley and Sons, Ltd, Publication},
	edition  = {2rd},
	year      = {2008},
}

@MISC{sou:DSPblock,
  title = {Picture of DSP},
  author = {Texas Instruments},
  note = {Downloaded May 23, 2016},
  howpublished = {\url{http://www.ti.com/lit/ml/sprt559a/sprt559a.pdf}},
  year = {2016},
}

@MISC{sou:DSPblock2,
  title = {Picture of DSP},
  author = {Spectrum Digital},
  note = {Downloaded May 23, 2016},
  howpublished = {\url{http://support.spectrumdigital.com/boards/usbstk5515/reva/files/usbstk5515_TechRef_RevA.pdf}},
  year = {2016},
}

@book{IEC60268,
	author    = {International Electrotechnical Commission},
	title     = {Line levels for auxillary equipment},
	publisher = {International Electrotechnical Commission},
	edition  = {1st},
	year      = {1987},
}

@MISC{sou:I2C_prot,
  title = {I2C protocol used to interface DSP with audio codec.},
  author = {Texas Instruments},
  note = {Downloaded May 23, 2016},
  howpublished = {\url{http://www.ti.com/lit/ug/sprufo1a/sprufo1a.pdf}},
  year = {2016},
}

@MISC{sou:FIRpart4,
  title = {FIR SYNTHESIS, FREQUENCY TRANSFORMATIONS AND FREQUENCY ANALYSIS.},
  author = {Ove Andersen},
  note = {Downloaded May 24, 2016},
  howpublished = {\url{https://www.moodle.aau.dk/pluginfile.php/560358/mod_resource/content/1/Signal-Processing-part-4.pdf}},
  year = {2016},
}

@book{signalProcessBook,
	author    = {Sen M. Kuo, Bob H. Lee, Wenshun Tian},
	title     = {Real-Time Digital Signal Processing. Fundamentals, Implementations and Applications.},
	publisher = {John Wiley \& Sons, Ltd},
	edition  = {3rd},
	year      = {2013},
}

@MISC{TutorialMeasurementPowerSpectra,
  title = {Tutorial on Measurement of Power Spectra},
  author = {National\_Instruments},
  note = {Downloaded Okt 19, 2016},
  howpublished = {\url{http://123.physics.ucdavis.edu/week_2_files/tutorial_on_measurement_of_power_spectra.pdf}},
  year = {NA},
}

